@BOOK{Lamport:LaTeX,
    AUTHOR = "Leslie Lamport",
    TITLE = "LaTeX User's Guide and Document Reference Manual",
    PUBLISHER = "Addison-Wesley Publishing Company",
    ADDRESS = "Reading, Massachusetts",
    YEAR = "1986"}


@article{feamster2013sdx,
  title={{SDX}: A {S}oftware {D}efined {I}nternet {E}xchange},
  author={Feamster, Nick and Rexford, Jennifer and Shenker, Scott and Clark, Russ and Hutchins, Ron and Levin, Dave and Bailey, Josh},
  journal={Open Networking Summit},
  pages={1},
  year={2013}
}